<?xml version="1.0" encoding="UTF-8"?><record xmlns="http://www.loc.gov/MARC21/slim" xmlns:cinclude="http://apache.org/cocoon/include/1.0" xmlns:zs="http://www.loc.gov/zing/srw/">
  <leader>00564nz  a2200145n  4500</leader>
  <controlfield tag="001">no2008050767</controlfield>
  <controlfield tag="003">DLC</controlfield>
  <controlfield tag="005">20080404080156.0</controlfield>
  <controlfield tag="008">080327n| acannaabn          |n aaa     c</controlfield>
  <datafield tag="010" ind1=" " ind2=" ">
    <subfield code="a">no2008050767</subfield>
  </datafield>
  <datafield tag="035" ind1=" " ind2=" ">
    <subfield code="a">(OCoLC)oca07723593</subfield>
  </datafield>
  <datafield tag="040" ind1=" " ind2=" ">
    <subfield code="a">UPB</subfield>
    <subfield code="b">eng</subfield>
    <subfield code="c">UPB</subfield>
  </datafield>
  <datafield tag="100" ind1="1" ind2=" ">
    <subfield code="a">Lant, Cheryl C.</subfield>
  </datafield>
  <datafield tag="670" ind1=" " ind2=" ">
    <subfield code="a">Worldwide Leadership Training : building up a righteous posterity, 2008</subfield>
    <subfield code="b">(name not given)</subfield>
  </datafield>
  <datafield tag="670" ind1=" " ind2=" ">
    <subfield code="a">Church of Jesus Christ of Latter-day Saints, via WWW, Mar. 27, 2008</subfield>
    <subfield code="b">(Worldwide Leadership Training, Roundtable discussion, Cheryl C. Lant, Primary General President)</subfield>
  </datafield>
</record>